@book{Elements,
  AUTHOR = {Assem, Ibrahim and Simson, Daniel and Skowro\'{n}ski, Andrzej},
  TITLE = {Elements of the Representation Theory of Associative Algebras. {V}ol. 1},
  SERIES = {London Mathematical Society Student Texts},
  VOLUME = {65},
  PUBLISHER = {Cambridge University Press, Cambridge},
  YEAR = {2006},
  PAGES = {x+458},
  ISBN = {978-0-521-58423-4},
  DOI = {10.1017/CBO9780511614309},
}


@book {Working,
  AUTHOR = {Mac Lane, Saunders},
  TITLE = {Categories for the Working Mathematician},
  EDITION = {2},
  SERIES = {Graduate Texts in Mathematics},
  PUBLISHER = {Springer-Verlag, New York-Berlin},
  YEAR = {1978},
  PAGES = {xii+317},
  ISBN = {978-0-387-98403-2},
  DOI = {10.1007/978-1-4757-4721-8}
}


@book{SheavesManifolds,
  AUTHOR = {Kashiwara, Masaki and Schapira, Pierre},
  TITLE = {Sheaves on Manifolds},
  SUBTITLE = {With a Short History. «Les débuts de la théorie des faisceaux». By Christian Houzel},
  SERIES = {Grundlehren der mathematischen Wissenschaften},
  VOLUME = {292},
  PUBLISHER = {Springer-Verlag, Berlin Heidelberg},
  YEAR = {1990},
  PAGES = {x+512},
  ISBN = {978-3-540-51861-7},
  DOI = {10.1007/978-3-662-02661-8}
}


@book{Weibel,
  AUTHOR = {Weibel, Charles A.},
  TITLE = {An Introduction to Homological Algebra},
  SERIES = {Cambridge Studies in Advanced Mathematics},
  VOLUME = {38},
  PUBLISHER = {Cambridge University Press, Cambridge},
  YEAR = {1994},
  PAGES = {xiv+450},
  ISBN = {978-0-521-55987-4},
  DOI = {10.1017/CBO9781139644136},
}
